@misc{axiom_diskret_matematik,
    key = {axiom},
    year = {5},
    title = {Diskret Matematik}
}
